<record><leader>00000cas a22000007a 4500</leader><controlfield tag="001">22166145</controlfield><controlfield tag="008">900801d19651968mnuwr ne      0    0eng d</controlfield><datafield ind1=" " ind2=" " tag="010"><subfield code="a">sn 90059791 </subfield></datafield><datafield ind1=" " ind2=" " tag="040"><subfield code="a">MN#</subfield><subfield code="b">eng</subfield><subfield code="c">MN#</subfield><subfield code="d">OCLCQ</subfield><subfield code="d">OCLCO</subfield></datafield><datafield ind1="1" ind2=" " tag="029"><subfield code="a">AU@</subfield><subfield code="b">000025893239</subfield></datafield><datafield ind1=" " ind2=" " tag="042"><subfield code="a">msc</subfield></datafield><datafield ind1=" " ind2=" " tag="043"><subfield code="a">n-us-mn</subfield></datafield><datafield ind1=" " ind2=" " tag="052"><subfield code="a">4144</subfield><subfield code="b">E9</subfield><subfield code="b">W35</subfield><subfield code="b">T53</subfield><subfield code="b">S615</subfield><subfield code="b">C48</subfield><subfield code="b">G88</subfield></datafield><datafield ind1=" " ind2=" " tag="052"><subfield code="a">4143</subfield><subfield code="b">H4</subfield><subfield code="b">C25</subfield></datafield><datafield ind1="0" ind2="4" tag="245"><subfield code="a">The Excelsior South Shore Minnetonka herald.</subfield></datafield><datafield ind1="1" ind2="7" tag="246"><subfield code="a">Minnetonka herald</subfield></datafield><datafield ind1=" " ind2=" " tag="260"><subfield code="a">Excelsior, Minn. :</subfield><subfield code="b">Northland Communications,</subfield><subfield code="c">1965-1968.</subfield></datafield><datafield ind1=" " ind2=" " tag="300"><subfield code="a">3 v.</subfield></datafield><datafield ind1=" " ind2=" " tag="310"><subfield code="a">Weekly</subfield></datafield><datafield ind1="0" ind2=" " tag="362"><subfield code="a">Vol. 65, no. 8 (Sept. 2, 1965)-v. 67, no. 36 (Feb. 29, 1968).</subfield></datafield><datafield ind1=" " ind2=" " tag="500"><subfield code="a">"Serving: Excelsior, Tonka Bay, Shorewood, Chanhassen, Greenwood."</subfield></datafield><datafield ind1=" " ind2=" " tag="500"><subfield code="a">Published at: Wayzata, Minn., Nov. 9, 1967-Feb. 29, 1968.</subfield></datafield><datafield ind1=" " ind2=" " tag="530"><subfield code="a">Available on microfilm from the Minnesota Historical Society.</subfield></datafield><datafield ind1=" " ind2="0" tag="651"><subfield code="a">Wayzata (Minn.)</subfield><subfield code="v">Newspapers.</subfield></datafield><datafield ind1=" " ind2="0" tag="651"><subfield code="a">Excelsior (Minn.)</subfield><subfield code="v">Newspapers.</subfield></datafield><datafield ind1=" " ind2="0" tag="651"><subfield code="a">Tonka Bay (Minn.)</subfield><subfield code="v">Newspapers.</subfield></datafield><datafield ind1=" " ind2="0" tag="651"><subfield code="a">Shorewood (Minn.)</subfield><subfield code="v">Newspapers.</subfield></datafield><datafield ind1=" " ind2="0" tag="651"><subfield code="a">Chanhassen (Minn.)</subfield><subfield code="v">Newspapers.</subfield></datafield><datafield ind1=" " ind2="0" tag="651"><subfield code="a">Greenwood (Minn.)</subfield><subfield code="v">Newspapers.</subfield></datafield><datafield ind1=" " ind2=" " tag="752"><subfield code="a">United States</subfield><subfield code="b">Minnesota</subfield><subfield code="c">Hennepin</subfield><subfield code="d">Wayzata.</subfield></datafield><datafield ind1=" " ind2=" " tag="752"><subfield code="a">United States</subfield><subfield code="b">Minnesota</subfield><subfield code="c">Hennepin</subfield><subfield code="d">Excelsior.</subfield></datafield><datafield ind1=" " ind2=" " tag="752"><subfield code="a">United States</subfield><subfield code="b">Minnesota</subfield><subfield code="c">Hennepin</subfield><subfield code="d">Tonka Bay.</subfield></datafield><datafield ind1=" " ind2=" " tag="752"><subfield code="a">United States</subfield><subfield code="b">Minnesota</subfield><subfield code="c">Hennepin</subfield><subfield code="d">Shorewood.</subfield></datafield><datafield ind1=" " ind2=" " tag="752"><subfield code="a">United States</subfield><subfield code="b">Minnesota</subfield><subfield code="c">Hennepin</subfield><subfield code="d">Chanhassen.</subfield></datafield><datafield ind1=" " ind2=" " tag="752"><subfield code="a">United States</subfield><subfield code="b">Minnesota</subfield><subfield code="c">Hennepin</subfield><subfield code="d">Greenwood.</subfield></datafield><datafield ind1="0" ind2="0" tag="780"><subfield code="t">Minnetonka record</subfield><subfield code="w">(DLC)sn 83016540</subfield></datafield><datafield ind1="0" ind2="0" tag="785"><subfield code="t">Excelsior-South Shore Minnetonka sun</subfield><subfield code="w">(DLC)sn 90059843</subfield></datafield></record>